<collection xmlns="http://www.loc.gov/MARC21/slim">
<record>
  <leader>00506na 0a22001331i 450 </leader>
  <controlfield tag="001">IT\ICCU\CNCE\069245</controlfield>
  <controlfield tag="005">20061219000000.0</controlfield>
  <datafield tag="100" ind1=" " ind2=" ">
    <subfield code="a">20061219             0itac0103    ba</subfield>
  </datafield>
  <datafield tag="101" ind1=" " ind2=" ">
    <subfield code="a">LAT</subfield>
  </datafield>
  <datafield tag="200" ind1="1" ind2=" ">
    <subfield code="a">℗Caroli Ruini Regiensis ... ℗In secundam Infortiati partem commentaria</subfield>
  </datafield>
  <datafield tag="700" ind1=" " ind2="1">
    <subfield code="a">Ruini,</subfield>
    <subfield code="b">Carlo</subfield>
    <subfield code="c"> &lt;1456-1530&gt;</subfield>
    <subfield code="3">IT\ICCU\CNCA\006693</subfield>
  </datafield>
  <datafield tag="790" ind1=" " ind2="1">
    <subfield code="a">Ruinus,</subfield>
    <subfield code="b">Carolus</subfield>
    <subfield code="3">IT\ICCU\CNCA\023517</subfield>
    <subfield code="z">Ruini, Carlo &lt;1456-1530&gt;</subfield>
  </datafield>
  <datafield tag="790" ind1=" " ind2="1">
    <subfield code="a">Ruino,</subfield>
    <subfield code="b">Carlo</subfield>
    <subfield code="3">IT\ICCU\CNCA\023518</subfield>
    <subfield code="z">Ruini, Carlo &lt;1456-1530&gt;</subfield>
  </datafield>
  <datafield tag="801" ind1=" " ind2="3">
    <subfield code="a">IT</subfield>
    <subfield code="b">ICCU</subfield>
    <subfield code="c">20201115</subfield>
  </datafield>
</record>
</collection>
